<?xml version="1.0" encoding="UTF-8"?>
<marc:record xmlns:marc="http://www.loc.gov/MARC21/slim" xmlns:xsi="http://www.w3.org/2001/XMLSchema-instance" xsi:schemaLocation="http://www.loc.gov/standards/marcxml/schema/MARC21slim.xsd">
  <marc:leader>00000ndd a2200000 u 4500</marc:leader>
  <marc:controlfield tag="001">1001138552</marc:controlfield>
  <marc:controlfield tag="003">DE-633</marc:controlfield>
  <marc:controlfield tag="005">20210923121027.0</marc:controlfield>
  <marc:controlfield tag="008">201208##################################</marc:controlfield>
  <marc:datafield tag="031" ind1=" " ind2=" ">
    <marc:subfield code="a">1</marc:subfield>
    <marc:subfield code="c">1</marc:subfield>
    <marc:subfield code="g">G-2</marc:subfield>
    <marc:subfield code="m">Coro: S</marc:subfield>
    <marc:subfield code="n">xFCGDA</marc:subfield>
    <marc:subfield code="o">c</marc:subfield>
    <marc:subfield code="p">2.B8F4F/4.''D8,'B2B/4B8BB4B8''C,'B/4.B8A2A/</marc:subfield>
    <marc:subfield code="r">E</marc:subfield>
    <marc:subfield code="t">Domine labia mea</marc:subfield>
    <marc:subfield code="2">pe</marc:subfield>
  </marc:datafield>
  <marc:datafield tag="031" ind1=" " ind2=" ">
    <marc:subfield code="a">2</marc:subfield>
    <marc:subfield code="c">2</marc:subfield>
    <marc:subfield code="g">G-2</marc:subfield>
    <marc:subfield code="m">Coro: A</marc:subfield>
    <marc:subfield code="n">xFCGDA</marc:subfield>
    <marc:subfield code="o">c</marc:subfield>
    <marc:subfield code="p">2.F8F4F/4.'F8,'F2F/4..F6F2F/4E8EE4E8FE/</marc:subfield>
    <marc:subfield code="r">E</marc:subfield>
    <marc:subfield code="t">Domine labia mea</marc:subfield>
    <marc:subfield code="2">pe</marc:subfield>
  </marc:datafield>
  <marc:datafield tag="031" ind1=" " ind2=" ">
    <marc:subfield code="a">3</marc:subfield>
    <marc:subfield code="c">3</marc:subfield>
    <marc:subfield code="d">Piu Mosso</marc:subfield>
    <marc:subfield code="g">C-4</marc:subfield>
    <marc:subfield code="m">Coro: T</marc:subfield>
    <marc:subfield code="n">xFCGDA</marc:subfield>
    <marc:subfield code="o">c</marc:subfield>
    <marc:subfield code="p">2.D8D4D/4.,B8,'D2D/4.D8D2D/4C8CC4C8CC/</marc:subfield>
    <marc:subfield code="r">E</marc:subfield>
    <marc:subfield code="t">Domine labia mea</marc:subfield>
    <marc:subfield code="2">pe</marc:subfield>
  </marc:datafield>
  <marc:datafield tag="031" ind1=" " ind2=" ">
    <marc:subfield code="a">4</marc:subfield>
    <marc:subfield code="c">4</marc:subfield>
    <marc:subfield code="g">F-4</marc:subfield>
    <marc:subfield code="m">Coro: B</marc:subfield>
    <marc:subfield code="n">xFCGDA</marc:subfield>
    <marc:subfield code="o">c</marc:subfield>
    <marc:subfield code="p">2.,B8,,B4B/4.',B8,,B2B/1-/4.',A8A2A/</marc:subfield>
    <marc:subfield code="r">E</marc:subfield>
    <marc:subfield code="t">Domine labia mea</marc:subfield>
    <marc:subfield code="2">pe</marc:subfield>
  </marc:datafield>
  <marc:datafield tag="040" ind1=" " ind2=" ">
    <marc:subfield code="a">DE-633</marc:subfield>
  </marc:datafield>
  <marc:datafield tag="041" ind1="0" ind2=" ">
    <marc:subfield code="a">lat</marc:subfield>
  </marc:datafield>
  <marc:datafield tag="100" ind1="1" ind2=" ">
    <marc:subfield code="a">Häser, August Ferdinand</marc:subfield>
    <marc:subfield code="d">1779-1844</marc:subfield>
    <marc:subfield code="j">Ascertained</marc:subfield>
    <marc:subfield code="0">pe37240</marc:subfield>
  </marc:datafield>
  <marc:datafield tag="240" ind1="1" ind2="0">
    <marc:subfield code="a">No.16 I Domine labia mea</marc:subfield>
    <marc:subfield code="m">Coro: S,A,T,B</marc:subfield>
    <marc:subfield code="r">E</marc:subfield>
    <marc:subfield code="0">50243652</marc:subfield>
  </marc:datafield>
  <marc:datafield tag="245" ind1="1" ind2="0">
    <marc:subfield code="a">[without title]</marc:subfield>
  </marc:datafield>
  <marc:datafield tag="260" ind1=" " ind2=" ">
    <marc:subfield code="c">[1800-1899]</marc:subfield>
    <marc:subfield code="8">01</marc:subfield>
  </marc:datafield>
  <marc:datafield tag="300" ind1=" " ind2=" ">
    <marc:subfield code="a">4 parts, 4 p</marc:subfield>
    <marc:subfield code="c">31.0 x 22.5 cms</marc:subfield>
    <marc:subfield code="8">01</marc:subfield>
  </marc:datafield>
  <marc:datafield tag="590" ind1=" " ind2=" ">
    <marc:subfield code="a">Coro: S,A,T,B</marc:subfield>
    <marc:subfield code="b">1, 1, 1, 1 p.</marc:subfield>
    <marc:subfield code="8">01</marc:subfield>
  </marc:datafield>
  <marc:datafield tag="593" ind1=" " ind2=" ">
    <marc:subfield code="a">Manuscript copy</marc:subfield>
    <marc:subfield code="8">01</marc:subfield>
  </marc:datafield>
  <marc:datafield tag="594" ind1=" " ind2=" ">
    <marc:subfield code="b">Coro: S,A,T,B</marc:subfield>
    <marc:subfield code="c">4 parts</marc:subfield>
  </marc:datafield>
  <marc:datafield tag="594" ind1=" " ind2=" ">
    <marc:subfield code="a">Coro: S,A,T,B (4 parts)</marc:subfield>
  </marc:datafield>
  <marc:datafield tag="599" ind1=" " ind2=" ">
    <marc:subfield code="b">full</marc:subfield>
  </marc:datafield>
  <marc:datafield tag="650" ind1="0" ind2="7">
    <marc:subfield code="a">Psalms</marc:subfield>
    <marc:subfield code="0">3000057</marc:subfield>
  </marc:datafield>
  <marc:datafield tag="773" ind1="1" ind2="8">
    <marc:subfield code="w">1001137722</marc:subfield>
  </marc:datafield>
  <marc:datafield tag="852" ind1=" " ind2=" ">
    <marc:subfield code="a">PL-Kk</marc:subfield>
    <marc:subfield code="e">Archiwum i Biblioteka Krakowskiej Kapituły Katedralnej</marc:subfield>
    <marc:subfield code="x">ks30002080</marc:subfield>
    <marc:subfield code="c">Kk.I.513</marc:subfield>
    <marc:subfield code="p"/>
    <marc:subfield code="q"/>
    <marc:subfield code="u"/>
    <marc:subfield code="z"/>
  </marc:datafield>
  <marc:datafield tag="980" ind1=" " ind2=" ">
    <marc:subfield code="a">RISM</marc:subfield>
    <marc:subfield code="c">examined</marc:subfield>
  </marc:datafield>
</marc:record>
